[
  {
    "total_assets": "28885160000",
    "current_assets": "12526335000",
    "current_liabilities": "6960986000",
    "total_liabilities": "11993749000",
    "sales": "4404499000",
    "retained_earnings": "0",
    "market_value_equity": "0",
    "ebit": "0",
    "period_end": "2022-06-30"
  },
  {
    "total_assets": "29120932000",
    "current_assets": "13548761000",
    "current_liabilities": "7278565000",
    "total_liabilities": "12590994000",
    "sales": "4515541000",
    "retained_earnings": "0",
    "market_value_equity": "0",
    "ebit": "0",
    "period_end": "2022-09-30"
  },
  {
    "total_assets": "31364340000",
    "current_assets": "15623405000",
    "current_liabilities": "8434516000",
    "total_liabilities": "14112985000",
    "sales": "17531587000",
    "retained_earnings": "0",
    "market_value_equity": "0",
    "ebit": "0",
    "period_end": "2022-12-31"
  },
  {
    "total_assets": "31337327000",
    "current_assets": "15900479000",
    "current_liabilities": "8706266000",
    "total_liabilities": "13862442000",
    "sales": "4990131000",
    "retained_earnings": "0",
    "market_value_equity": "0",
    "ebit": "0",
    "period_end": "2023-03-31"
  },
  {
    "total_assets": "31075924000",
    "current_assets": "15841096000",
    "current_liabilities": "8239036000",
    "total_liabilities": "13306116000",
    "sales": "5534957000",
    "retained_earnings": "0",
    "market_value_equity": "0",
    "ebit": "0",
    "period_end": "2023-06-30"
  },
  {
    "total_assets": "32554898000",
    "current_assets": "17540600000",
    "current_liabilities": "9192115000",
    "total_liabilities": "14724392000",
    "sales": "5617493000",
    "retained_earnings": "0",
    "market_value_equity": "0",
    "ebit": "0",
    "period_end": "2023-09-30"
  },
  {
    "total_assets": "33031308000",
    "current_assets": "17818697000",
    "current_liabilities": "8883044000",
    "total_liabilities": "14338472000",
    "sales": "21915623000",
    "retained_earnings": "0",
    "market_value_equity": "0",
    "ebit": "0",
    "period_end": "2023-12-31"
  },
  {
    "total_assets": "35612830000",
    "current_assets": "20538304000",
    "current_liabilities": "12501202000",
    "total_liabilities": "16645634000",
    "sales": "5957128000",
    "retained_earnings": "0",
    "market_value_equity": "0",
    "ebit": "0",
    "period_end": "2024-03-31"
  },
  {
    "total_assets": "37546600000",
    "current_assets": "22291278000",
    "current_liabilities": "12230693000",
    "total_liabilities": "18253605000",
    "sales": "6155563000",
    "retained_earnings": "0",
    "market_value_equity": "0",
    "ebit": "0",
    "period_end": "2024-06-30"
  },
  {
    "total_assets": "36355435000",
    "current_assets": "20774912000",
    "current_liabilities": "10039962000",
    "total_liabilities": "16446140000",
    "sales": "5975801000",
    "retained_earnings": "0",
    "market_value_equity": "0",
    "ebit": "0",
    "period_end": "2024-09-30"
  },
  {
    "total_assets": "36777595000",
    "current_assets": "19880201000",
    "current_liabilities": "8546798000",
    "total_liabilities": "15542633000",
    "sales": "24121053000",
    "retained_earnings": "0",
    "market_value_equity": "0",
    "ebit": "0",
    "period_end": "2024-12-31"
  },
  {
    "total_assets": "36395567000",
    "current_assets": "19712379000",
    "current_liabilities": "8686711000",
    "total_liabilities": "14960493000",
    "sales": "5771796000",
    "retained_earnings": "0",
    "market_value_equity": "0",
    "ebit": "0",
    "period_end": "2025-03-31"
  }
]